% This file was created with JabRef 2.10.
% Encoding: Cp1252


@Book{ASI2001,
  Title                    = {Portable Document Format Reference Manual},
  Author                   = {{Adobe Systems Incorporated}},
  Publisher                = {Addison-Wesley},
  Year                     = {2001},
  Edition                  = {third},

  __markedentry            = {[alex:1]},
  File                     = {:H\:\\Private\\pg\\papers\\M\\PDFReference13.pdf:PDF},
  Owner                    = {azp},
  Timestamp                = {2010.07.01}
}

@Book{ASI1998,
  Title                    = {Adobe Font Metrics File Format Specification},
  Author                   = {{Adobe Systems Incorporated}},
  Year                     = {1998},

  Owner                    = {apinkney},
  Timestamp                = {2014.12.09}
}

@Misc{Amazon.com2011,
  Title                    = {Amazon.com Now Selling More {Kindle} Books Than Print Books},

  Author                   = {Amazon.com},
  HowPublished             = {Web},
  Month                    = {May},
  Year                     = {2011},

  Owner                    = {azp},
  Timestamp                = {2011.08.01}
}

@PhdThesis{Bagley2004a,
  Title                    = {A Component-Based Model for Creating and Manipulating Digital Documents},
  Author                   = {Steven Bagley},
  School                   = {University of Nottingham},
  Year                     = {2004},

  __markedentry            = {[alex:1]},
  Owner                    = {alex},
  Timestamp                = {2012.10.16}
}

@InProceedings{Bagley2010,
  Title                    = {Lessons from the dragon: compiling {PDF} to machine code},
  Author                   = {Bagley, Steven R.},
  Booktitle                = {Proceedings of the 10th ACM symposium on Document engineering},
  Year                     = {2010},

  Address                  = {New York, NY, USA},
  Pages                    = {65--68},
  Publisher                = {ACM},
  Series                   = {DocEng '10},

  Acmid                    = {1860573},
  Doi                      = {10.1145/1860559.1860573},
  ISBN                     = {978-1-4503-0231-9},
  Keywords                 = {PDF, compilation, document format, interpretation, page description languages},
  Location                 = {Manchester, United Kingdom},
  Numpages                 = {4},
  Owner                    = {alex},
  Timestamp                = {2013.07.01},
  Url                      = {http://doi.acm.org/10.1145/1860559.1860573}
}

@InProceedings{Bagley2006,
  Title                    = {{COG} Extractor},
  Author                   = {Steven R. Bagley},
  Booktitle                = {Proceedings of the 2006 ACM Symposium on Document Engineering},
  Year                     = {2006},
  Pages                    = {31},
  Publisher                = {ACM Press},

  __markedentry            = {[alex:1]},
  File                     = {:H\:\\Private\\pg\\papers\\B\\Bag06.pdf:PDF},
  Owner                    = {azp},
  Timestamp                = {2010.07.01}
}

@InProceedings{Bagley2005,
  Title                    = {Demo Abstract: The {COG} Scrapbook},
  Author                   = {Steven R. Bagley and David F. Brailsford},
  Booktitle                = {Proceedings of the 2005 ACM Symposium on Document Engineering},
  Year                     = {2005},
  Pages                    = {233--234},
  Publisher                = {ACM Press},

  __markedentry            = {[alex:1]},
  File                     = {:H\:\\Private\\pg\\papers\\B\\BB05.pdf:PDF;:H\:\\Private\\pg\\papers\\B\\BB05-poster.pdf:PDF},
  Owner                    = {azp},
  Timestamp                = {2010.07.01}
}

@InProceedings{Bagley2004,
  Title                    = {Page Composition using {PPML} as a Link-editing Script},
  Author                   = {Steven R. Bagley and David F. Brailsford},
  Booktitle                = {Proceedings of the 2004 ACM Symposium on Document Engineering},
  Year                     = {2004},
  Pages                    = {134--136},
  Publisher                = {ACM Press},

  File                     = {:H\:\\Private\\pg\\papers\\B\\BB04.pdf:PDF},
  Owner                    = {azp},
  Timestamp                = {2010.07.01}
}

@InProceedings{Bagley2003,
  Title                    = {Creating Reusable Well-structured {PDF} as a Sequence of Component Object Graphic ({COG}) Elements},
  Author                   = {Steven R. Bagley and David F. Brailsford and Matthew R. B. Hardy},
  Booktitle                = {Proceedings of the 2003 ACM Symposium on Document Engineering},
  Year                     = {2003},
  Pages                    = {58--67},
  Publisher                = {ACM Press},

  __markedentry            = {[alex:1]},
  File                     = {:H\:\\Private\\pg\\papers\\B\\BBH03.pdf:PDF},
  Owner                    = {azp},
  Timestamp                = {2010.07.01}
}

@InProceedings{Bagley2007,
  Title                    = {Extracting reusable document components for variable data printing},
  Author                   = {Bagley, Steven R. and Brailsford, David F. and Ollis, James A.},
  Booktitle                = {Proceedings of the 2007 ACM Symposium on Document Engineering},
  Year                     = {2007},

  Address                  = {New York, NY, USA},
  Pages                    = {44--52},
  Publisher                = {ACM},

  __markedentry            = {[alex:1]},
  Doi                      = {http://doi.acm.org/10.1145/1284420.1284435},
  File                     = {:H\:\\Private\\pg\\papers\\B\\BBO07.pdf:PDF},
  ISBN                     = {978-1-59593-776-6},
  Location                 = {Winnipeg, Manitoba, Canada}
}

@InProceedings{Balinsky2009,
  Title                    = {Aesthetically-Driven Layout Engine},
  Author                   = {Helen Y. Balinsky and Jonathan R. Howes and Anthony J. Wiley},
  Booktitle                = {Proceedings of the 2009 ACM Symposium on Document Engineering},
  Year                     = {2009},
  Pages                    = {119--122},

  __markedentry            = {[alex:1]},
  File                     = {:H\:\\Private\\pg\\papers\\C\\BHW09.pdf:PDF},
  Owner                    = {azp},
  Timestamp                = {2010.12.14}
}

@Misc{Bruggemann-Klein1995,
  Title                    = {Pagination Reconsidered},

  Author                   = {Anne Br\"uggemann-Klein and Rolf Klein and Stefan Wohlfeil},
  Year                     = {1995},

  __markedentry            = {[alex:1]},
  Owner                    = {alex},
  Timestamp                = {2013.09.26}
}

@InProceedings{Braganza2009,
  Title                    = {Scrolling behaviour with single- and multi-column layout},
  Author                   = {Braganza, Cameron and Marriott, Kim and Moulder, Peter and Wybrow, Michael and Dwyer, Tim},
  Booktitle                = {Proceedings of the 18th international conference on World wide web},
  Year                     = {2009},

  Address                  = {New York, NY, USA},
  Pages                    = {831--840},
  Publisher                = {ACM},
  Series                   = {WWW '09},

  __markedentry            = {[alex:1]},
  Acmid                    = {1526821},
  Doi                      = {10.1145/1526709.1526821},
  ISBN                     = {978-1-60558-487-4},
  Keywords                 = {multi-column layout, reading, scrolling, web-browser},
  Location                 = {Madrid, Spain},
  Numpages                 = {10},
  Owner                    = {alex},
  Timestamp                = {2013.07.22},
  Url                      = {http://doi.acm.org/10.1145/1526709.1526821}
}

@Book{Bringhurst2008,
  Title                    = {The Elements of Typographic Style (v 3.2)},
  Author                   = {Bringhurst, Robert},
  Publisher                = {Hartley \& Marks},
  Year                     = {2008},

  __markedentry            = {[alex:1]},
  Owner                    = {azp},
  Timestamp                = {2011.02.28}
}

@Book{Collier1991,
  Title                    = {Collier's Rules for Desktop Design and Typography},
  Author                   = {David Collier},
  Editor                   = {Carol Atack},
  Publisher                = {Addison-Wesley},
  Year                     = {1991},

  __markedentry            = {[alex:1]},
  Owner                    = {alex},
  Timestamp                = {2013.07.01}
}

@Article{Eppstein1992,
  Title                    = {Sparse Dynamic Programming {II}: Convex and Concave cost functions},
  Author                   = {D Eppstein and Z Galil},
  Journal                  = {J. ACM},
  Year                     = {1992},
  Pages                    = {546--567},
  Volume                   = {39(3)},

  __markedentry            = {[alex:1]},
  Owner                    = {alex},
  Timestamp                = {2013.05.24}
}

@MastersThesis{Goldenberg2002,
  Title                    = {Automatic layout of variable-content print data},
  Author                   = {Eldan Goldenberg},
  School                   = {University of Sussex},
  Year                     = {2002},

  __markedentry            = {[alex:1]},
  File                     = {:H\:\\Private\\pg\\papers\\C\\Gol02.pdf:PDF},
  Owner                    = {azp},
  Timestamp                = {2010.12.14}
}

@InProceedings{Harrington2004,
  Title                    = {Aesthetic Measures for Automated Document Layout},
  Author                   = {Steven J Harrington and J. Fernando Naveda and Rhys Price Jones and Paul Roetling and Nishant Thakkar},
  Booktitle                = {Proceedings of the 2004 ACM Symposium on Document Engineering},
  Year                     = {2004},
  Pages                    = {109--111},
  Publisher                = {ACM Press},

  __markedentry            = {[alex:1]},
  File                     = {:H\:\\Private\\pg\\papers\\C\\HNJ+04.pdf:PDF},
  Owner                    = {azp},
  Timestamp                = {2010.12.14}
}

@Misc{hexus.net2012,
  Title                    = {Kindle book sales overtake print at Amazon},

  Author                   = {hexus.net},
  HowPublished             = {\url{http://hexus.net/mobile/news/e-readers/43365-kindle-book-sales-overtake-print-amazon/}},
  Month                    = {August},
  Year                     = {2012},

  Owner                    = {alex},
  Timestamp                = {2014.10.07}
}

@TechReport{Hill1999,
  Title                    = {The Magic of Reading},
  Author                   = {Hill, Bill},
  Institution              = {Microsoft},
  Year                     = {1999},

  __markedentry            = {[alex:1]},
  Owner                    = {alex},
  Timestamp                = {2013.05.13}
}

@Article{Hirschberg1987,
  Title                    = {The least weight subsequence problem},
  Author                   = {D S Hirschberg and L L Larmore},
  Journal                  = {SIAM J. Comput.},
  Year                     = {1987},
  Pages                    = {628--638},
  Volume                   = {16(4)},

  __markedentry            = {[alex:1]},
  Owner                    = {alex},
  Timestamp                = {2013.05.24}
}

@InProceedings{Hurst2009,
  Title                    = {Review of Automatic Document Formatting},
  Author                   = {Nathan Hurst and Wilmot Li and Kim Marriott},
  Booktitle                = {Proceedings of the 2009 ACM Symposium on Document Engineering},
  Year                     = {2009},

  __markedentry            = {[alex:1]},
  Owner                    = {alex},
  Timestamp                = {2013.05.24}
}

@Article{Jacobs2003,
  Title                    = {Adaptive grid-based document layout},
  Author                   = {Jacobs, Charles and Li, Wilmot and Schrier, Evan and Bargeron, David and Salesin, David},
  Journal                  = {ACM Trans. Graph.},
  Year                     = {2003},

  Month                    = jul,
  Number                   = {3},
  Pages                    = {838--847},
  Volume                   = {22},

  __markedentry            = {[alex:1]},
  Acmid                    = {882353},
  Address                  = {New York, NY, USA},
  Doi                      = {10.1145/882262.882353},
  ISSN                     = {0730-0301},
  Issue_date               = {July 2003},
  Keywords                 = {CSS, HTML, PDF, XML, XSL, adaptive layout, constraints, dynamic programming, pagination, templates},
  Numpages                 = {10},
  Owner                    = {alex},
  Publisher                = {ACM},
  Timestamp                = {2013.07.18},
  Url                      = {http://doi.acm.org/10.1145/882262.882353}
}

@TechReport{Johari1996,
  Title                    = {Automatic Yellow-Pages Pagination and Layout},
  Author                   = {Johari, Ramesh and Marks, Joe and Partovi, Ali and Shieber, Stuart},
  Institution              = {Mitsubish Electric Research Laboratories},
  Year                     = {1996},

  __markedentry            = {[alex:1]},
  Owner                    = {azp},
  Timestamp                = {2011.02.28}
}

@TechReport{Kernighan1982,
  Title                    = {Computing Science Technical Report No. 97, \emph{A Typesetter Independent {TROFF}}},
  Author                   = {Brian W. Kernighan},
  Institution              = {AT\&T Bell Laboratories, Murray Hill, New Jersey 07974},
  Year                     = {1982},

  __markedentry            = {[alex:1]},
  Owner                    = {azp},
  Timestamp                = {2011.04.14}
}

@TechReport{Kernighan1989,
  Title                    = {Page Makeup by Postprocessing Text Formatter Output},
  Author                   = {Kernighan, Brian W. and Van Wyk, Christopher J.},
  Institution              = {AT\&T Bell Laboratories},
  Year                     = {1989},

  __markedentry            = {[alex:1]},
  Owner                    = {alex},
  Timestamp                = {2013.09.27}
}

@Book{Knuth1999,
  Title                    = {Digital Typography},
  Author                   = {Donald E. Knuth},
  Publisher                = {CSLI Publications},
  Year                     = {1999},

  __markedentry            = {[alex:1]},
  Owner                    = {azp},
  Timestamp                = {2010.02.19}
}

@Book{Knuth1984,
  Title                    = {The \TeX{}book},
  Author                   = {Donald E. Knuth},
  Publisher                = {Addison Wesley},
  Year                     = {1984},

  __markedentry            = {[alex:1]},
  Owner                    = {azp},
  Timestamp                = {2010.11.22}
}

@Article{Knuth1981,
  Title                    = {Breaking Paragraphs into Lines},
  Author                   = {Knuth, D. E. and Plass, M. F.},
  Journal                  = {Software\,---\,Practice and Experience},
  Year                     = {1981},
  Pages                    = {1119--1184},
  Volume                   = {11},

  __markedentry            = {[alex:1]},
  Owner                    = {azp},
  Timestamp                = {2011.04.05}
}

@Book{Lamport1994,
  Title                    = {\LaTeX{}: A Document Preparation System},
  Author                   = {Lamport, Leslie},
  Publisher                = {Addison Wesley},
  Year                     = {1994},
  Edition                  = {2nd},

  Owner                    = {alex},
  Timestamp                = {2013.03.14}
}

@Article{Legge2011,
  Title                    = {Does print size matter for reading? {A} review of findings from vision science and typography},
  Author                   = {Gordon E. Legge and Charles A. Bigelow},
  Journal                  = {Journal of Vision},
  Year                     = {2011},
  Pages                    = {1--22},
  Volume                   = {11(5):8},

  __markedentry            = {[alex:1]},
  Owner                    = {azp},
  Timestamp                = {2011.08.11}
}

@PhdThesis{Liang1983,
  Title                    = {Word Hy-phen-a-tion by Com-put-er},
  Author                   = {Franklin Mark Liang},
  School                   = {Stanford University},
  Year                     = {1983},

  __markedentry            = {[alex:1]},
  Owner                    = {azp},
  Timestamp                = {2011.04.05}
}

@TechReport{Lomont2003,
  Title                    = {Fast inverse square root},
  Author                   = {Chris Lomont},
  Year                     = {2003},

  __markedentry            = {[alex:1]},
  Owner                    = {alex},
  Timestamp                = {2013.09.26}
}

@Article{Lovegrove1995,
  Title                    = {Document analysis of {PDF} files: methods, results and implications},
  Author                   = {William S. Lovegrove and David F. Brailsford},
  Journal                  = {Electronic Publishing\,---\,Origination, Dissemination and Design},
  Year                     = {1995},
  Number                   = {2 \& 3},
  Pages                    = {207--220},
  Volume                   = {8},

  __markedentry            = {[alex:1]},
  Owner                    = {alex},
  Timestamp                = {2013.09.24}
}

@InProceedings{Macdonald2007,
  Title                    = {Speculative document evaluation},
  Author                   = {Macdonald, Alexander and Brailsford, David and Bagley, Steven and Lumley, John},
  Booktitle                = {Proceedings of the 2007 ACM Symposium on Document Engineering},
  Year                     = {2007},

  Address                  = {New York, NY, USA},
  Pages                    = {56--58},
  Publisher                = {ACM},

  Doi                      = {http://doi.acm.org/10.1145/1284420.1284437},
  File                     = {:H\:\\Private\\pg\\papers\\B\\MBBL07.pdf:PDF},
  ISBN                     = {978-1-59593-776-6},
  Location                 = {Winnipeg, Manitoba, Canada}
}

@InProceedings{Macdonald2005,
  Title                    = {Encapsulating and Manipulating Component Object Graphics ({COG}s) using {SVG}},
  Author                   = {Alexander J. Macdonald and David F. Brailsford and Steven R. Bagley},
  Booktitle                = {Proceedings of the 2005 ACM Symposium on Document Engineering},
  Year                     = {2005},
  Pages                    = {61--63},
  Publisher                = {ACM Press},

  __markedentry            = {[alex:1]},
  File                     = {:H\:\\Private\\pg\\papers\\B\\MBB05.pdf:PDF},
  Owner                    = {azp},
  Timestamp                = {2010.07.01}
}

@InProceedings{Marinai2013,
  Title                    = {Reflowing and Annotating Scientific Papers on eBook Readers},
  Author                   = {Simone Marinai},
  Booktitle                = {Proceedings of the 13th ACM Symposium on Document Engineering},
  Year                     = {2013},

  Address                  = {New York, NY, USA},
  Publisher                = {ACM},
  Series                   = {DocEng '13},

  __markedentry            = {[alex:1]},
  Acmid                    = {2034726},
  Owner                    = {alex},
  Timestamp                = {2013.09.24}
}

@InProceedings{Mittelbach1992,
  Title                    = {The Pursuit of Quality\,---\,How can automated typesetting achieve the highest standards of craft typography?},
  Author                   = {F Mittelbach and C Rowley},
  Booktitle                = {EP92 (Proceedings of Electronic Publishing)},
  Year                     = {1991},
  Pages                    = {261--273},
  Publisher                = {Cambridge University Press},

  __markedentry            = {[alex:1]},
  Owner                    = {alex},
  Timestamp                = {2013.05.24}
}

@InProceedings{Ollis2008,
  Title                    = {Tracking sub-page components in document workflows},
  Author                   = {Ollis, James A. and Bagley, Steven R. and Brailsford, David F.},
  Booktitle                = {Proceedings of the 2008 ACM Symposium on Document Engineering},
  Year                     = {2008},

  Address                  = {New York, NY, USA},
  Pages                    = {86--89},
  Publisher                = {ACM},

  Doi                      = {http://doi.acm.org/10.1145/1410140.1410156},
  File                     = {:H\:\\Private\\pg\\papers\\B\\OBB08.pdf:PDF},
  ISBN                     = {978-1-60558-081-4},
  Location                 = {Sao Paulo, Brazil}
}

@InProceedings{Pinkney2013,
  Title                    = {No Need to Justify Your Choice: Pre-compiling Line Breaks to Improve {eBook} Readability},
  Author                   = {Pinkney, Alexander J. and Bagley, Steven R. and Brailsford, David F.},
  Booktitle                = {Proceedings of the 13th ACM Symposium on Document Engineering},
  Year                     = {2013},

  Address                  = {New York, NY, USA},
  Publisher                = {ACM},
  Series                   = {DocEng '13},

  __markedentry            = {[alex:1]},
  Acmid                    = {2034726},
  Doi                      = {http://dx.doi.org/10.1145/2494266.2494310},
  ISBN                     = {978-1-4503-0863-2},
  Keywords                 = {ebooks, document layout, typesetting},
  Location                 = {Mountain View, California, USA},
  Numpages                 = {4},
  Owner                    = {alex},
  Timestamp                = {2013.07.22},
  Url                      = {http://dx.doi.org/10.1145/2494266.2494310}
}

@InProceedings{Pinkney2011,
  Title                    = {Reflowable Documents Composed from Pre-rendered Atomic Components},
  Author                   = {Pinkney, Alexander J. and Bagley, Steven R. and Brailsford, David F.},
  Booktitle                = {Proceedings of the 11th ACM Symposium on Document Engineering},
  Year                     = {2011},

  Address                  = {New York, NY, USA},
  Pages                    = {163--166},
  Publisher                = {ACM},
  Series                   = {DocEng '11},

  __markedentry            = {[alex:1]},
  Acmid                    = {2034726},
  Doi                      = {http://doi.acm.org/10.1145/2034691.2034726},
  File                     = {:H\:\\Private\\pg\\papers\\docn55s-pinkney.pdf:PDF},
  ISBN                     = {978-1-4503-0863-2},
  Keywords                 = {cogs, document layout, ebooks, pdf},
  Location                 = {Mountain View, California, USA},
  Numpages                 = {4},
  Owner                    = {azp},
  Timestamp                = {2011.07.21},
  Url                      = {http://doi.acm.org/10.1145/2034691.2034726}
}

@PhdThesis{Plass1981,
  Title                    = {Optimal Pagination Techniques for Automatic Typesetting Systems},
  Author                   = {Michael Frederick Plass},
  School                   = {Stanford University},
  Year                     = {1981},

  __markedentry            = {[alex:1]},
  File                     = {:H\:\\Private\\pg\\papers\\A\\Pla81.pdf:PDF},
  Owner                    = {azp},
  Timestamp                = {2010.11.22}
}

@InProceedings{Purvis2003,
  Title                    = {Creating personalized documents: an optimization approach},
  Author                   = {Lisa Purvis and Steven Harrington and Barry O'Sullivan and Eugene C. Freuder},
  Booktitle                = {Proceedings of the 2003 ACM Symposium on Document Engineering},
  Year                     = {2003},
  Pages                    = {68--77},
  Publisher                = {ACM Press},

  __markedentry            = {[alex:1]},
  File                     = {:H\:\\Private\\pg\\papers\\C\\PHOF03.pdf:PDF},
  Owner                    = {azp},
  Timestamp                = {2010.12.15}
}

@InProceedings{Schrier2008,
  Title                    = {Adaptive layout for dynamically aggregated documents},
  Author                   = {Schrier, Evan and Dontcheva, Mira and Jacobs, Charles and Wade, Geraldine and Salesin, David},
  Booktitle                = {Proceedings of the 13th international conference on Intelligent user interfaces},
  Year                     = {2008},

  Address                  = {New York, NY, USA},
  Pages                    = {99--108},
  Publisher                = {ACM},
  Series                   = {IUI '08},

  __markedentry            = {[alex:1]},
  Acmid                    = {1378787},
  Doi                      = {10.1145/1378773.1378787},
  ISBN                     = {978-1-59593-987-6},
  Keywords                 = {CSS, PDF, XML, XSL, adaptive layout, constraints, grid-based layout},
  Location                 = {Gran Canaria, Spain},
  Numpages                 = {10},
  Owner                    = {alex},
  Timestamp                = {2013.07.18},
  Url                      = {http://doi.acm.org/10.1145/1378773.1378787}
}

@Article{Smith1995,
  Title                    = {Towards Structured, Block-based {PDF}},
  Author                   = {Philip N. Smith and David F. Brailsford},
  Journal                  = {Electronic Publishing\,---\,Origination, Dissemination and Design},
  Year                     = {1995},

  Month                    = {June/September},
  Number                   = {2 \& 3},
  Pages                    = {153--165},
  Volume                   = {8},

  __markedentry            = {[alex:1]},
  File                     = {:H\:\\Private\\pg\\papers\\B\\SB95.pdf:PDF},
  Owner                    = {azp},
  Timestamp                = {2010.07.01}
}

@Article{Thimbleby2011,
  Title                    = {Signposting in Documents},
  Author                   = {Thimbleby, Harold},
  Journal                  = {The Computer Journal},
  Year                     = {2011},
  Pages                    = {1119--1135},
  Volume                   = {54 No. 7},

  __markedentry            = {[alex:1]},
  Owner                    = {azp},
  Timestamp                = {2011.02.28}
}

@MastersThesis{Voorhees2011,
  Title                    = {Congeniality of Reading on Digital Devices},
  Author                   = {Garret Voorhees},
  School                   = {Rochester Institute Of Technology},
  Year                     = {2011},

  __markedentry            = {[alex:1]},
  Owner                    = {alex},
  Timestamp                = {2012.12.17}
}

@TechReport{Warnock1991,
  Title                    = {The {C}amelot Project},
  Author                   = {Warnock, John},
  Institution              = {Adobe},
  Year                     = {1991},

  __markedentry            = {[alex:1]},
  Owner                    = {azp},
  Timestamp                = {2011.02.28}
}

@Book{Zipf1932,
  Title                    = {Selected Studies of the Principle of Relative Frequency in Language},
  Author                   = {Zipf, George Kingsley},
  Publisher                = {Harvard university press},
  Year                     = {1932},

  __markedentry            = {[alex:1]},
  Owner                    = {alex},
  Timestamp                = {2013.09.01}
}

@Article{Ziv1977,
  Title                    = {A universal algorithm for sequential data compression},
  Author                   = {Jacob Ziv and Abraham Lempel},
  Journal                  = {IEEE Transactions on Information Theory},
  Year                     = {1977},
  Number                   = {3},
  Pages                    = {337--343},
  Volume                   = {23},

  __markedentry            = {[alex:1]}
}

@comment{jabref-meta: selector_publisher:}

@comment{jabref-meta: selector_author:}

@comment{jabref-meta: selector_journal:}

@comment{jabref-meta: selector_keywords:}

